@Misc{PVGIS,
  author       = {European Commission, Joint Research Centre Energy Efficiency and Renewables Unit},
  howpublished = {\url{https://re.jrc.ec.europa.eu/pvg_tools/en/}},
  title        = {JRC Photovoltaic Geographical Information System},
}

@Book{QUA19,
  author    = {Volker Quaschning},
  publisher = {HANSER Verlag},
  title     = {Regenerative Energiesysteme},
  year      = {2019},
}

@Misc{Sick22,
  author       = {Friedrich Sick},
  howpublished = {\url{https://moodle.htw-berlin.de/pluginfile.php/1709252/mod_resource/content/2/REST_Thermische%20Systeme_Sick_SoSe23.pdf}},
  title        = {Modul REST: Biomasse und Thermische Systeme},
}

@Misc{EuroStat,
  author       = {eurostat},
  howpublished = {\url{https://ec.europa.eu/eurostat/databrowser//product/view/NRG_D_HHQ}},
  month        = may,
  title        = {Disaggregated final energy consumption in households - quantities},
  year         = {2023},
}

@Misc{Viessmann,
  author       = {Viessmann GmbH Werke},
  howpublished = {\url{https://moodle.htw-berlin.de/pluginfile.php/1709261/mod_resource/content/2/VIESSMANN-Unterlagen.pdf}},
  month        = may,
  title        = {Planungsanleitung},
  year         = {2017},
}

@Misc{Grundfos,
  author       = {GRUNDFOS GMBH},
  howpublished = {\url{https://product-selection.grundfos.com/de}},
  title        = {Pumpenauslegung},
}

@Comment{jabref-meta: databaseType:bibtex;}
